%% This BibTeX bibliography file was created using BibDesk.
%% http://bibdesk.sourceforge.net/


%% Created for ハウジー ムハマドディクシ at 2014-02-23 22:19:26 +0900 


%% Saved with string encoding Unicode (UTF-8) 

@ARTICLE{4801529, 
author={Meeyoung Cha and Haewoon Kwak and Rodriguez, P. and Yong-Yeol Ahn and Sue Moon}, 
journal={Networking, IEEE/ACM Transactions on}, 
title={Analyzing the Video Popularity Characteristics of Large-Scale User Generated Content Systems}, 
year={2009}, 
month={Oct}, 
volume={17}, 
number={5}, 
pages={1357-1370}, 
keywords={Pareto distribution;log normal distribution;telecommunication services;video on demand;Daum Videos;VoD;YouTube;content aliasing;the Long Tail potential;user generated content;video popularity;video-on-demand;Interactive TV;copyright protection;exponential distributions;human factors;log normal distributions;pareto distributions;probability}, 
doi={10.1109/TNET.2008.2011358}, 
ISSN={1063-6692},}

@ARTICLE{1613869, 
author={Guo, L. and Songqing Chen and Xiaodong Zhang}, 
journal={Knowledge and Data Engineering, IEEE Transactions on}, 
title={Design and evaluation of a scalable and reliable P2P assisted proxy for on-demand streaming media delivery}, 
year={2006}, 
month={May}, 
volume={18}, 
number={5}, 
pages={669-682}, 
keywords={Internet;cache storage;digital simulation;media streaming;peer-to-peer computing;quality of service;Internet;P2P network;content delivery network;distributed hash table;enterprise network;intranet;media proxy system;on-demand streaming media delivery;peer-to-peer system;proxy caching;quality of service;trace-driven simulation;Bandwidth;Cache storage;Computer Society;Costs;Internet;Network servers;Quality of service;Scalability;Streaming media;Web server;Internet media streaming;distributed hash table.;peer-to-peer systems;proxy caching}, 
doi={10.1109/TKDE.2006.79}, 
ISSN={1041-4347},}


@article{clauset2009power,
  title={Power-law distributions in empirical data},
  author={Clauset, Aaron and Shalizi, Cosma Rohilla and Newman, Mark EJ},
  journal={SIAM review},
  volume={51},
  number={4},
  pages={661--703},
  year={2009},
  publisher={SIAM}
}

@inproceedings{Balachandran:2013:APB:2504730.2504743,
 author = {Balachandran, Athula and Sekar, Vyas and Akella, Aditya and Seshan, Srinivasan},
 title = {Analyzing the Potential Benefits of CDN Augmentation Strategies for Internet Video Workloads},
 booktitle = {Proceedings of the 2013 Conference on Internet Measurement Conference},
 series = {IMC '13},
 year = {2013},
 isbn = {978-1-4503-1953-9},
 location = {Barcelona, Spain},
 pages = {43--56},
 numpages = {14},
 url = {http://doi.acm.org/10.1145/2504730.2504743},
 doi = {10.1145/2504730.2504743},
 acmid = {2504743},
 publisher = {ACM},
 address = {New York, NY, USA},
 keywords = {internet video, measurement, user behavior},
} 


@inproceedings{Zhao:2013:PCD:2504730.2504752,
 author = {Zhao, Mingchen and Aditya, Paarijaat and Chen, Ang and Lin, Yin and Haeberlen, Andreas and Druschel, Peter and Maggs, Bruce and Wishon, Bill and Ponec, Miroslav},
 title = {Peer-assisted Content Distribution in Akamai Netsession},
 booktitle = {Proceedings of the 2013 Conference on Internet Measurement Conference},
 series = {IMC '13},
 year = {2013},
 isbn = {978-1-4503-1953-9},
 location = {Barcelona, Spain},
 pages = {31--42},
 numpages = {12},
 url = {http://doi.acm.org/10.1145/2504730.2504752},
 doi = {10.1145/2504730.2504752},
 acmid = {2504752},
 publisher = {ACM},
 address = {New York, NY, USA},
 keywords = {content distribution networks, peer-to-peer systems},
} 

@article{Borghol:2011:CMP:2039452.2039717,
	Acmid = {2039717},
	Address = {Amsterdam, The Netherlands, The Netherlands},
	Author = {Borghol, Youmna and Mitra, Siddharth and Ardon, Sebastien and Carlsson, Niklas and Eager, Derek and Mahanti, Anirban},
	Date-Added = {2014-02-23 13:16:53 +0000},
	Date-Modified = {2014-02-23 13:16:53 +0000},
	Doi = {10.1016/j.peva.2011.07.008},
	Issn = {0166-5316},
	Issue_Date = {November, 2011},
	Journal = {Perform. Eval.},
	Keywords = {Popularity dynamics, User-generated videos, Video sharing, Workload modelling},
	Month = nov,
	Number = {11},
	Numpages = {19},
	Pages = {1037--1055},
	Publisher = {Elsevier Science Publishers B. V.},
	Title = {Characterizing and Modelling Popularity of User-generated Videos},
	Url = {http://dx.doi.org/10.1016/j.peva.2011.07.008},
	Volume = {68},
	Year = {2011},
	Bdsk-Url-1 = {http://dx.doi.org/10.1016/j.peva.2011.07.008}}

@article{Famaey:2013:TPC:2405859.2406222,
	Acmid = {2406222},
	Address = {London, UK, UK},
	Author = {Famaey, Jeroen and Iterbeke, Fr{\'e}D{\'e}Ric and Wauters, Tim and De Turck, Filip},
	Date-Added = {2014-02-23 13:15:34 +0000},
	Date-Modified = {2014-02-23 13:15:34 +0000},
	Doi = {10.1016/j.jnca.2012.08.014},
	Issn = {1084-8045},
	Issue_Date = {January, 2013},
	Journal = {J. Netw. Comput. Appl.},
	Keywords = {Caching strategies, Multimedia content delivery, Popularity prediction},
	Month = jan,
	Number = {1},
	Numpages = {9},
	Pages = {219--227},
	Publisher = {Academic Press Ltd.},
	Title = {Towards a Predictive Cache Replacement Strategy for Multimedia Content},
	Url = {http://dx.doi.org/10.1016/j.jnca.2012.08.014},
	Volume = {36},
	Year = {2013},
	Bdsk-Url-1 = {http://dx.doi.org/10.1016/j.jnca.2012.08.014}}

@inproceedings{6654887,
	Author = {Guillemin, F. and Houdoin, T. and Moteau, S.},
	Booktitle = {Communications (ICC), 2013 IEEE International Conference on},
	Date-Added = {2014-02-23 13:08:12 +0000},
	Date-Modified = {2014-02-23 13:08:12 +0000},
	Doi = {10.1109/ICC.2013.6654887},
	Issn = {1550-3607},
	Keywords = {IP networks;cache storage;social networking (online);Orange IP backbone network;YouTube content;YouTube files;cache memory;cache systems;file request dynamic caching;popularity curves;storage capacity;trace-driven simulation;traffic measurements;traffic traces;truncated Zipf laws;Approximation methods;Bandwidth;Cache memory;IP networks;Probes;Servers;YouTube},
	Month = {June},
	Pages = {2381-2385},
	Title = {Volatility of YouTube content in Orange networks and consequences},
	Year = {2013},
	Bdsk-Url-1 = {http://dx.doi.org/10.1109/ICC.2013.6654887}}

@article{6522525,
	Author = {Xu Cheng and Jiangchuan Liu and Dale, C.},
	Date-Added = {2014-02-23 13:06:49 +0000},
	Date-Modified = {2014-02-23 13:06:49 +0000},
	Doi = {10.1109/TMM.2013.2265531},
	Issn = {1520-9210},
	Journal = {Multimedia, IEEE Transactions on},
	Keywords = {peer-to-peer computing;social networking (online);statistical analysis;telecommunication traffic;video communication;video signal processing;video streaming;Internet Website;Internet short video sharing;YouTube videos;YouTube-based measurement study;access pattern;caching;network traffic engineering;peer-to-peer distribution schemes;short video sharing service;small-world network;social networking;statistics;sustainable development;systematic measurement study;video delivery;video sharing sites;video streaming;Measurement;YouTube;peer-to-peer;social network},
	Month = {Aug},
	Number = {5},
	Pages = {1184-1194},
	Title = {Understanding the Characteristics of Internet Short Video Sharing: A YouTube-Based Measurement Study},
	Volume = {15},
	Year = {2013},
	Bdsk-Url-1 = {http://dx.doi.org/10.1109/TMM.2013.2265531}}

@inproceedings{6193512,
	Author = {Kideok Cho and Munyoung Lee and Kunwoo Park and Kwon, T.T. and Yanghee Choi and Sangheon Pack},
	Booktitle = {Computer Communications Workshops (INFOCOM WKSHPS), 2012 IEEE Conference on},
	Date-Added = {2014-02-23 13:02:37 +0000},
	Date-Modified = {2014-02-23 13:02:37 +0000},
	Doi = {10.1109/INFCOMW.2012.6193512},
	Keywords = {Internet;cache storage;peer-to-peer computing;storage management;WAVE;cache content flles;cache hit ratio;cache replacements;cache storage utilization;collaborative in-network caching;content delivery network;content flles;content-oriented networking;content-oriented networks;interISP trafflc volume;network nodes;on-demand caching strategies;popularity-based in-network caching;request count;Educational institutions;History;Indexes;Routing;Servers;Stress;Content chunk caching;caching strategy;content-oriented networks},
	Month = {March},
	Pages = {316-321},
	Title = {WAVE: Popularity-based and collaborative in-network caching for content-oriented networks},
	Year = {2012},
	Bdsk-Url-1 = {http://dx.doi.org/10.1109/INFCOMW.2012.6193512}}

@null{6678515,
	Author = {Ciullo, D. and Martina, V. and Garetto, M. and Leonardi, E. and Torrisi, G.},
	Date-Added = {2014-02-23 13:01:28 +0000},
	Date-Modified = {2014-02-23 13:01:28 +0000},
	Doi = {10.1109/TPDS.2013.300},
	Issn = {1045-9219},
	Journal = {Parallel and Distributed Systems, IEEE Transactions on},
	Keywords = {Approximation methods;Bandwidth;Gaussian distribution;Peer-to-peer computing;Random variables;Servers;Streaming media;Distributed applications;Modeling techniques},
	Number = {99},
	Pages = {1-1},
	Title = {Peer-assisted VoD Systems: An Efficient Modeling Framework},
	Volume = {PP},
	Year = {2014},
	Bdsk-Url-1 = {http://dx.doi.org/10.1109/TPDS.2013.300}}

@inproceedings{6249353,
	Author = {Chellouche, S.A. and Negru, D. and Yiping Chen and Sidibe, M.},
	Booktitle = {Computers and Communications (ISCC), 2012 IEEE Symposium on},
	Date-Added = {2014-02-23 13:00:40 +0000},
	Date-Modified = {2014-02-23 13:00:40 +0000},
	Doi = {10.1109/ISCC.2012.6249353},
	Issn = {1530-1346},
	Keywords = {Internet;quality of service;service-oriented architecture;video on demand;video signal processing;video streaming;Internet video-on-demand service;adaptive popularity-based video caching strategy;future Internet VoD streaming service;home-box-assisted content delivery network;network capability;quality of service;server capability;server placement;server replication;server selection;service environment;service oriented architecture;service provider;service scalability;user environment;video delivery chain;virtual home-box layer;Bandwidth;Context;Internet;Peer to peer computing;Scalability;Servers;Streaming media;Content Caching;Future Media Internet;Home-Box;Overlay networks;Video-on-Demand},
	Month = {July},
	Pages = {000544-000550},
	Title = {Home-Box-assisted content delivery network for Internet Video-on-Demand services},
	Year = {2012},
	Bdsk-Url-1 = {http://dx.doi.org/10.1109/ISCC.2012.6249353}}

@inproceedings{6708095,
	Author = {Bellante, W. and Vilardi, R. and Rossi, D.},
	Booktitle = {Computer Aided Modeling and Design of Communication Links and Networks (CAMAD), 2013 IEEE 18th International Workshop on},
	Date-Added = {2014-02-23 12:59:38 +0000},
	Date-Modified = {2014-02-23 12:59:38 +0000},
	Doi = {10.1109/CAMAD.2013.6708095},
	Keywords = {cache storage;media streaming;multimedia systems;video on demand;Netflix catalog dynamics;Web-like workload;cache hit ratio;caching replacement approach;market policy;movie ratings;multimedia streaming;popularity distribution;video content delivery;Catalogs;Computational modeling;Computers;Motion pictures;Prefetching;Streaming media;YouTube},
	Month = {Sept},
	Pages = {89-93},
	Title = {On Netflix catalog dynamics and caching performance},
	Year = {2013},
	Bdsk-Url-1 = {http://dx.doi.org/10.1109/CAMAD.2013.6708095}}

@inproceedings{6730761,
	Author = {Krishnamoorthi, Vengatanathan and Carlsson, Niklas and Eager, Derek and Mahanti, Anirban and Shahmehri, Nahid},
	Booktitle = {Modeling, Analysis Simulation of Computer and Telecommunication Systems (MASCOTS), 2013 IEEE 21st International Symposium on},
	Date-Added = {2014-02-23 12:57:58 +0000},
	Date-Modified = {2014-02-23 12:57:58 +0000},
	Doi = {10.1109/MASCOTS.2013.26},
	Issn = {1526-7539},
	Keywords = {Experimental evaluation;HTTP-based adaptive streaming;OSMF;Prefetching;Proxy-assisted},
	Month = {Aug},
	Pages = {182-191},
	Title = {Helping Hand or Hidden Hurdle: Proxy-Assisted HTTP-Based Adaptive Streaming Performance},
	Year = {2013},
	Bdsk-Url-1 = {http://dx.doi.org/10.1109/MASCOTS.2013.26}}

@inproceedings{5763482,
	Author = {Fujimoto, T. and Endo, R. and Matsumoto, K. and Shigeno, H.},
	Booktitle = {Advanced Information Networking and Applications (AINA), 2011 IEEE International Conference on},
	Date-Added = {2014-02-23 12:55:11 +0000},
	Date-Modified = {2014-02-23 12:55:11 +0000},
	Doi = {10.1109/AINA.2011.103},
	Issn = {1550-445X},
	Keywords = {peer-to-peer computing;video on demand;video streaming;FIFO;P2P video-on-demand streaming;VPC;computer simulations;peer-to-peer video-on-demand streaming services;video server load;video-popularity-based caching scheme;Bandwidth;Equations;Estimation;Mathematical model;Peer to peer computing;Servers;Streaming media;P2P;VoD;popularity;streaming},
	Month = {March},
	Pages = {748-755},
	Title = {Video-Popularity-Based Caching Scheme for P2P Video-on-Demand Streaming},
	Year = {2011},
	Bdsk-Url-1 = {http://dx.doi.org/10.1109/AINA.2011.103}}

@article{Vu:2010:UOC:1865106.1865115,
	Acmid = {1865115},
	Address = {New York, NY, USA},
	Articleno = {31},
	Author = {Vu, Long and Gupta, Indranil and Nahrstedt, Klara and Liang, Jin},
	Date-Added = {2014-02-23 12:41:08 +0000},
	Date-Modified = {2014-02-23 12:41:08 +0000},
	Doi = {10.1145/1865106.1865115},
	Issn = {1551-6857},
	Issue_Date = {November 2010},
	Journal = {ACM Trans. Multimedia Comput. Commun. Appl.},
	Keywords = {IPTV, PPLive, Peer-to-peer, multimedia, overlay, streaming},
	Month = nov,
	Number = {4},
	Numpages = {24},
	Pages = {31:1--31:24},
	Publisher = {ACM},
	Title = {Understanding Overlay Characteristics of a Large-scale Peer-to-peer IPTV System},
	Url = {http://doi.acm.org/10.1145/1865106.1865115},
	Volume = {6},
	Year = {2010},
	Bdsk-Url-1 = {http://doi.acm.org/10.1145/1865106.1865115},
	Bdsk-Url-2 = {http://dx.doi.org/10.1145/1865106.1865115}}

@inproceedings{4024139,
	Author = {Das, Shirshanka and Tewari, S. and Kleinrock, L.},
	Booktitle = {Communications, 2006. ICC '06. IEEE International Conference on},
	Doi = {10.1109/ICC.2006.254749},
	Issn = {8164-9547},
	Keywords = {Computer science;Delay;Explosions;Internet;Network servers;Peer to peer computing;Portals;Protocols;Publishing;Web server},
	Pages = {331-336},
	Title = {The Case for Servers in a Peer-to-Peer World},
	Volume = {1},
	Year = {2006},
	Bdsk-Url-1 = {http://dx.doi.org/10.1109/ICC.2006.254749}}

@inproceedings{Sun:2009:POS:1542245.1542249,
	Acmid = {1542249},
	Address = {New York, NY, USA},
	Author = {Sun, Ye and Liu, Fangming and Li, Bo and Li, Baochun},
	Booktitle = {Proceedings of the 18th international workshop on Network and operating systems support for digital audio and video},
	Doi = {10.1145/1542245.1542249},
	Isbn = {978-1-60558-433-1},
	Keywords = {content distribution, modeling studies, online storage, peer-to-peer protocols},
	Location = {Williamsburg, VA, USA},
	Numpages = {6},
	Pages = {13--18},
	Publisher = {ACM},
	Series = {NOSSDAV '09},
	Title = {Peer-assisted online storage and distribution: modeling and server strategies},
	Url = {http://doi.acm.org/10.1145/1542245.1542249},
	Year = {2009},
	Bdsk-Url-1 = {http://doi.acm.org/10.1145/1542245.1542249},
	Bdsk-Url-2 = {http://dx.doi.org/10.1145/1542245.1542249}}

@inproceedings{5199550,
	Author = {Fangming Liu and Ye Sun and Bo Li and Xinyan Zhang},
	Booktitle = {Communications, 2009. ICC '09. IEEE International Conference on},
	Doi = {10.1109/ICC.2009.5199550},
	Issn = {1938-1883},
	Keywords = {file servers;peer-to-peer computing;storage management;FS2You;Internet;content distribution;large-scale peer-assisted online storage system;server traffic volumes;Bandwidth;Communications Society;Contracts;Costs;File servers;Large-scale systems;Network address translation;Peer to peer computing;Stress;Web server},
	Pages = {1-5},
	Title = {Understanding the Roles of Servers in Large-Scale Peer-Assisted Online Storage Systems},
	Year = {2009},
	Bdsk-Url-1 = {http://dx.doi.org/10.1109/ICC.2009.5199550}}

@inproceedings{5061997,
	Author = {Ye Sun and Fangming Liu and Bo Li and Baochun Li and Xinyan Zhang},
	Booktitle = {INFOCOM 2009, IEEE},
	Doi = {10.1109/INFCOM.2009.5061997},
	Issn = {0743-166X},
	Keywords = {Internet;peer-to-peer computing;protocols;storage management;FS2You;Internet;content distribution network;file availability;file sharing;large data center;peer upload bandwidth;peer-assisted semipersistent online storage system;protocol design;server bandwidth cost;Bandwidth;Clouds;Contracts;Costs;File servers;Large-scale systems;Network servers;Peer to peer computing;Protocols;Web server},
	Pages = {873-881},
	Title = {FS2You: Peer-Assisted Semi-Persistent Online Storage at a Large Scale},
	Year = {2009},
	Bdsk-Url-1 = {http://dx.doi.org/10.1109/INFCOM.2009.5061997}}

@article{Krioukov:2011:NDI:1925861.1925878,
	Acmid = {1925878},
	Address = {New York, NY, USA},
	Author = {Krioukov, Andrew and Mohan, Prashanth and Alspaugh, Sara and Keys, Laura and Culler, David and Katz, Randy},
	Doi = {10.1145/1925861.1925878},
	Issn = {0146-4833},
	Issue_Date = {January 2011},
	Journal = {SIGCOMM Comput. Commun. Rev.},
	Keywords = {cluster, data center, energy, heterogenous hardware, power management, power proportional, web application, web server},
	Month = jan,
	Number = {1},
	Numpages = {7},
	Pages = {102--108},
	Publisher = {ACM},
	Title = {NapSAC: design and implementation of a power-proportional web cluster},
	Url = {http://doi.acm.org/10.1145/1925861.1925878},
	Volume = {41},
	Year = {2011},
	Bdsk-Url-1 = {http://doi.acm.org/10.1145/1925861.1925878},
	Bdsk-Url-2 = {http://dx.doi.org/10.1145/1925861.1925878}}

@techreport{ciullo:hal-00759012,
	Abstract = {{We consider a communication system in which a given digital content has to be delivered sequentially at constant rate to a set of users who asynchronously request it according to a Poisson process. Users can retrieve data: i) from one or more sources that statically store the entire content; ii) from users who have previously requested the content, and contribute (for limited time) a random amount of upload bandwidth to the system. We propose a stochastic fluid framework that allows characterizing the aggregate streaming rate necessary at the sources to satisfy all active requests. In particular, we establish the conditions under which the system becomes asymptotically scalable as the number of users grows. Our theoretical results apply to increasingly popular Video-on-Demand systems exploiting users' cooperation.}},
	Affiliation = {MAESTRO - INRIA Sophia Antipolis , Department of Electronics [Torino] - DELEN , Universit{\`a} degli studi di Torino - UNITO , Consiglio Nazionale delle Ricerche - CNR (ITALY)},
	Author = {Ciullo, Delia and Martina, Valentina and Garetto, Michele and Leonardi, Emilio and Torrisi, Giovanni Luca},
	Hal_Id = {hal-00759012},
	Institution = {INRIA},
	Keywords = {Stochastic models, cooperative networking, Video-On-Demand},
	Language = {Anglais},
	Month = Nov,
	Number = {RR-8183},
	Pdf = {http://hal.inria.fr/hal-00759012/PDF/RR-8183.pdf},
	Title = {{Asymptotic properties of sequential streaming leveraging users' cooperation}},
	Type = {Rapport de recherche},
	Url = {http://hal.inria.fr/hal-00759012},
	Year = {2012},
	Bdsk-Url-1 = {http://hal.inria.fr/hal-00759012}}

@techreport{ciullo:hal-00759377,
	Abstract = {{We analyze a peer-assisted Video-on-Demand system in which users contribute their upload bandwidth to the redistribution of a video that they are downloading or that they have cached locally. Our target is to characterize the additional bandwidth that servers must supply to immediately satisfy all requests to watch a given video. We develop an approximate fluid model to compute the required server bandwidth in the sequential delivery case, as well as in controlled Bit-Torrent like swarms. Our approach is able to capture several stochastic effects related to peer churn, upload bandwidth heterogeneity, non-stationary traffic conditions, which have not been documented or analyzed before. At last, we provide important hints for the design of efficient peer-assisted VoD systems under server capacity constraints.}},
	Affiliation = {MAESTRO - INRIA Sophia Antipolis , Department of Electronics [Torino] - DELEN , Universit{\`a} degli studi di Torino - UNITO , Consiglio Nazionale delle Ricerche - CNR (ITALY)},
	Author = {Ciullo, Delia and Martina, Valentina and Garetto, Michele and Leonardi, Emilio and Torrisi, Giovanni Luca},
	Hal_Id = {hal-00759377},
	Institution = {INRIA},
	Keywords = {Video-on-demand; peer-to-peer; performance evaluation},
	Language = {Anglais},
	Month = Nov,
	Number = {RR-8184},
	Pdf = {http://hal.inria.fr/hal-00759377/PDF/RR-8184.pdf},
	Title = {{Peer-assisted VoD Systems: an Efficient Modeling Framework}},
	Type = {Rapport de recherche},
	Url = {http://hal.inria.fr/hal-00759377},
	Year = {2012},
	Bdsk-Url-1 = {http://hal.inria.fr/hal-00759377}}

@article{4404806,
	Author = {Barroso, L.A. and Holzle, U.},
	Doi = {10.1109/MC.2007.443},
	Issn = {0018-9162},
	Journal = {Computer},
	Keywords = {disc storage;file servers;laptop computers;power aware computing;disk subsystem;energy usage profile;energy-proportional computing;energy-proportional design;laptop computer;memory subsystem;server energy saving;Computer crashes;Computer networks;Databases;Embedded computing;High performance computing;Large-scale systems;Network servers;Voltage;Web and internet services;Web server;energy-proportional computing;green computing},
	Number = {12},
	Pages = {33-37},
	Title = {The Case for Energy-Proportional Computing},
	Volume = {40},
	Year = {2007},
	Bdsk-Url-1 = {http://dx.doi.org/10.1109/MC.2007.443}}

@inproceedings{4509688,
	Author = {Chabarek, J. and Sommers, J. and Barford, P. and Estan, C. and Tsiang, D. and Wright, S.},
	Booktitle = {INFOCOM 2008. The 27th Conference on Computer Communications. IEEE},
	Doi = {10.1109/INFOCOM.2008.93},
	Issn = {0743-166X},
	Keywords = {Internet;power aware computing;protocols;telecommunication network routing;Internet;exponential bandwidth scaling;network design;network protocols;network routing;power awareness;power consumption;Bandwidth;Design optimization;Energy consumption;Energy management;Internet;Power demand;Power system management;Protocols;Robustness;Routing},
	Pages = {457-465},
	Title = {Power Awareness in Network Design and Routing},
	Year = {2008},
	Bdsk-Url-1 = {http://dx.doi.org/10.1109/INFOCOM.2008.93}}

@inproceedings{Dischinger:2007:CRB:1298306.1298313,
	Acmid = {1298313},
	Address = {New York, NY, USA},
	Author = {Dischinger, Marcel and Haeberlen, Andreas and Gummadi, Krishna P. and Saroiu, Stefan},
	Booktitle = {Proceedings of the 7th ACM SIGCOMM conference on Internet measurement},
	Doi = {10.1145/1298306.1298313},
	Isbn = {978-1-59593-908-1},
	Keywords = {broadband access networks, cable, dsl, network measurement},
	Location = {San Diego, California, USA},
	Numpages = {14},
	Pages = {43--56},
	Publisher = {ACM},
	Series = {IMC '07},
	Title = {Characterizing residential broadband networks},
	Url = {http://doi.acm.org/10.1145/1298306.1298313},
	Year = {2007},
	Bdsk-Url-1 = {http://doi.acm.org/10.1145/1298306.1298313},
	Bdsk-Url-2 = {http://dx.doi.org/10.1145/1298306.1298313}}

@misc{google,
	Author = {Google},
	Howpublished = {\url{http://www.google.com/corporate/datacenters/measuring.html}},
	Title = {Google data center power usage}}

@misc{fs2you,
	Author = {FS2Yoou},
	Howpublished = {\url{http://www.rayfile.com/en/}},
	Title = {FS2You}}

@misc{octoshape,
	Author = {Octoshape},
	Howpublished ={\url{http://www.octoshape.com/cnn-com-using-octoshapes-p2p-for-live-feed/}},
	Title = {Octoshape}}


@inproceedings{Palasamudram:2012:UBR:2391229.2391240,
	Acmid = {2391240},
	Address = {New York, NY, USA},
	Articleno = {11},
	Author = {Palasamudram, Darshan S. and Sitaraman, Ramesh K. and Urgaonkar, Bhuvan and Urgaonkar, Rahul},
	Booktitle = {Proceedings of the Third ACM Symposium on Cloud Computing},
	Doi = {10.1145/2391229.2391240},
	Isbn = {978-1-4503-1761-0},
	Keywords = {cloud computing, energy efficiency, energy storage, internet content delivery, network architecture},
	Location = {San Jose, California},
	Numpages = {14},
	Pages = {11:1--11:14},
	Publisher = {ACM},
	Series = {SoCC '12},
	Title = {Using batteries to reduce the power costs of internet-scale distributed networks},
	Url = {http://doi.acm.org/10.1145/2391229.2391240},
	Year = {2012},
	Bdsk-Url-1 = {http://doi.acm.org/10.1145/2391229.2391240},
	Bdsk-Url-2 = {http://dx.doi.org/10.1145/2391229.2391240}}

@inproceedings{Wang:2008:IRA:1459359.1459397,
	Acmid = {1459397},
	Address = {New York, NY, USA},
	Author = {Wang, Jiajun and Huang, Cheng and Li, Jin},
	Booktitle = {Proceedings of the 16th ACM international conference on Multimedia},
	Doi = {10.1145/1459359.1459397},
	Isbn = {978-1-60558-303-7},
	Keywords = {isp-friendly, peer-to-peer, rate allocation, video-on-demand},
	Location = {Vancouver, British Columbia, Canada},
	Numpages = {10},
	Pages = {279--288},
	Publisher = {ACM},
	Series = {MM '08},
	Title = {On ISP-friendly rate allocation for peer-assisted VoD},
	Url = {http://doi.acm.org/10.1145/1459359.1459397},
	Year = {2008},
	Bdsk-Url-1 = {http://doi.acm.org/10.1145/1459359.1459397},
	Bdsk-Url-2 = {http://dx.doi.org/10.1145/1459359.1459397}}

@article{xu2006analysis,
	Author = {Xu, Dongyan and Kulkarni, Sunil Suresh and Rosenberg, Catherine and Chai, Heung-Keung},
	Journal = {Multimedia Systems},
	Number = {4},
	Pages = {383--399},
	Publisher = {Springer},
	Title = {Analysis of a CDN--P2P hybrid architecture for cost-effective streaming media distribution},
	Volume = {11},
	Year = {2006}}

@inproceedings{huang2007peer,
	Author = {Huang, Cheng and Li, Jin and Ross, Keith},
	Booktitle = {Proc. of IPTPS},
	Title = {Peer-assisted VoD: Making internet video distribution cheap},
	Volume = {7},
	Year = {2007}}

@article{Huang:2007:IVP:1282427.1282396,
	Acmid = {1282396},
	Address = {New York, NY, USA},
	Author = {Huang, Cheng and Li, Jin and Ross, Keith W.},
	Doi = {10.1145/1282427.1282396},
	Issn = {0146-4833},
	Issue_Date = {October 2007},
	Journal = {SIGCOMM Comput. Commun. Rev.},
	Keywords = {ISP-friendly, peer-to-peer, video-on-demand},
	Month = aug,
	Number = {4},
	Numpages = {12},
	Pages = {133--144},
	Publisher = {ACM},
	Title = {Can internet video-on-demand be profitable?},
	Url = {http://doi.acm.org/10.1145/1282427.1282396},
	Volume = {37},
	Year = {2007},
	Bdsk-Url-1 = {http://doi.acm.org/10.1145/1282427.1282396},
	Bdsk-Url-2 = {http://dx.doi.org/10.1145/1282427.1282396}}

@inproceedings{6524219,
	Author = {Mandal, Uttam and Lange, Christoph and Gladisch, Andreas and Mukherjee, Biswanath},
	Booktitle = {Advanced Networks and Telecommuncations Systems (ANTS), 2012 IEEE International Conference on},
	Date-Added = {2013-06-16 16:17:18 +0000},
	Date-Modified = {2013-06-16 16:17:18 +0000},
	Doi = {10.1109/ANTS.2012.6524219},
	Issn = {2153-1676},
	Pages = {6-11},
	Title = {Should ISPs adopt hybrid CDN-P2P in IP-over-WDM networks: An energy-efficiency perspective?},
	Year = {2012},
	Bdsk-Url-1 = {http://dx.doi.org/10.1109/ANTS.2012.6524219}}

@article{thermo,
	Author = {Beitelmal, AbdlmonemH. and Patel, ChandrakantD.},
	Doi = {10.1007/s10619-005-0413-0},
	Issn = {0926-8782},
	Journal = {Distributed and Parallel Databases},
	Keywords = {data center; smart cooling; load migration; cooling of data center; provisioning of data centers; heat; cooling; exergy; transient analysis of data center; CFD analysis of data center; computer room cooling},
	Language = {English},
	Number = {2-3},
	Pages = {227-238},
	Publisher = {Kluwer Academic Publishers-Plenum Publishers},
	Title = {Thermo-Fluids Provisioning of a High Performance High Density Data Center},
	Url = {http://dx.doi.org/10.1007/s10619-005-0413-0},
	Volume = {21},
	Year = {2007},
	Bdsk-Url-1 = {http://dx.doi.org/10.1007/s10619-005-0413-0}}

@inproceedings{pakbaznia2009minimizing,
	Author = {Pakbaznia, Ehsan and Pedram, Massoud},
	Booktitle = {Proceedings of the 14th ACM/IEEE international symposium on Low power electronics and design},
	Date-Added = {2013-06-09 03:03:46 +0000},
	Date-Modified = {2013-06-09 03:03:46 +0000},
	Organization = {ACM},
	Pages = {145--150},
	Title = {Minimizing data center cooling and server power costs},
	Year = {2009}}

@inproceedings{patterson2008effect,
	Author = {Patterson, Michael K},
	Booktitle = {Thermal and Thermomechanical Phenomena in Electronic Systems, 2008. ITHERM 2008. 11th Intersociety Conference on},
	Date-Added = {2013-06-09 03:03:27 +0000},
	Date-Modified = {2013-06-09 03:03:27 +0000},
	Organization = {IEEE},
	Pages = {1167--1174},
	Title = {The effect of data center temperature on energy efficiency},
	Year = {2008}}

@inproceedings{biswas2011fighting,
	Author = {Biswas, Susmit and Tiwari, Mohit and Sherwood, Timothy and Theogarajan, Luke and Chong, Frederic T},
	Booktitle = {Computer Architecture (ISCA), 2011 38th Annual International Symposium on},
	Date-Added = {2013-06-09 03:02:09 +0000},
	Date-Modified = {2013-06-09 03:02:09 +0000},
	Organization = {IEEE},
	Pages = {331--340},
	Title = {Fighting fire with fire: modeling the datacenter-scale effects of targeted superlattice thermal management},
	Year = {2011}}

@inproceedings{ghosh2012effect,
	Author = {Ghosh, Rajat and Sundaralingam, Vikneshan and Joshi, Yogendra},
	Booktitle = {Thermal and Thermomechanical Phenomena in Electronic Systems (ITherm), 2012 13th IEEE Intersociety Conference on},
	Date-Added = {2013-06-09 03:01:39 +0000},
	Date-Modified = {2013-06-09 03:01:39 +0000},
	Organization = {IEEE},
	Pages = {30--37},
	Title = {Effect of rack server population on temperatures in data centers},
	Year = {2012}}

@inproceedings{kumari2012cooling,
	Author = {Kumari, Niru and Wang, Zhikui and Bash, Cullen and Shih, Rocky and Cader, Tahir and Felix, Carlos},
	Booktitle = {Thermal and Thermomechanical Phenomena in Electronic Systems (ITherm), 2012 13th IEEE Intersociety Conference on},
	Date-Added = {2013-06-09 03:01:06 +0000},
	Date-Modified = {2013-06-09 03:01:06 +0000},
	Organization = {IEEE},
	Pages = {799--805},
	Title = {Cooling capacity and cost metrics for energy efficient workload placement in datacenters},
	Year = {2012}}

@inproceedings{belady2006data,
	Author = {Belady, Christian and Malone, C},
	Booktitle = {Thermal and Thermomechanical Phenomena in Electronics Systems, 2006. ITHERM'06. The Tenth Intersociety Conference on},
	Date-Added = {2013-06-09 03:00:05 +0000},
	Date-Modified = {2013-06-09 03:00:05 +0000},
	Organization = {IEEE},
	Pages = {439--444},
	Title = {Data center power projections to 2014},
	Year = {2006}}

@article{qureshi2009cutting,
	Author = {Qureshi, Asfandyar and Weber, Rick and Balakrishnan, Hari and Guttag, John and Maggs, Bruce},
	Date-Added = {2013-06-09 02:59:41 +0000},
	Date-Modified = {2013-06-09 02:59:41 +0000},
	Journal = {ACM SIGCOMM Computer Communication Review},
	Number = {4},
	Pages = {123--134},
	Publisher = {ACM},
	Title = {Cutting the electric bill for internet-scale systems},
	Volume = {39},
	Year = {2009}}

@inproceedings{valancius2009greening,
	Author = {Valancius, Vytautas and Laoutaris, Nikolaos and Massouli{\'e}, Laurent and Diot, Christophe and Rodriguez, Pablo},
	Booktitle = {Proceedings of the 5th international conference on Emerging networking experiments and technologies},
	Date-Added = {2013-06-09 02:59:20 +0000},
	Date-Modified = {2013-06-09 02:59:20 +0000},
	Organization = {ACM},
	Pages = {37--48},
	Title = {Greening the internet with nano data centers},
	Year = {2009}}

@inproceedings{feldmann2010energy,
	Author = {Feldmann, Anja and Gladisch, Andreas and Kind, Mario and Lange, C and Smaragdakis, G and Westphal, F-J},
	Booktitle = {Telecommunications Internet and Media Techno Economics (CTTE), 2010 9th Conference on},
	Date-Added = {2013-06-09 02:58:55 +0000},
	Date-Modified = {2013-06-09 02:58:55 +0000},
	Organization = {IEEE},
	Pages = {1--6},
	Title = {Energy trade-offs among content delivery architectures},
	Year = {2010}}

@inproceedings{vishwanath2013estimating,
	Author = {Vishwanath, Arun and Zhu, Jiazhen and Hinton, Kerry and Ayre, Robert and Tucker, Rod},
	Booktitle = {Optical Fiber Communication Conference},
	Date-Added = {2013-06-09 02:57:41 +0000},
	Date-Modified = {2013-06-09 02:57:41 +0000},
	Organization = {Optical Society of America},
	Title = {Estimating the Energy Consumption for Packet Processing, Storage and Switching in Optical-IP Routers},
	Year = {2013}}

@article{baliga2011green,
	Author = {Baliga, Jayant and Ayre, Robert WA and Hinton, Kerry and Tucker, Rodney S},
	Date-Added = {2013-06-09 02:57:41 +0000},
	Date-Modified = {2013-06-09 02:57:41 +0000},
	Journal = {Proceedings of the IEEE},
	Number = {1},
	Pages = {149--167},
	Publisher = {IEEE},
	Title = {Green cloud computing: Balancing energy in processing, storage, and transport},
	Volume = {99},
	Year = {2011}}

@inproceedings{fettweis2008ict,
	Author = {Fettweis, Gerhard and Zimmermann, Ernesto},
	Booktitle = {Proceedings of the 11th International Symposium on Wireless Personal Multimedia Communications},
	Date-Added = {2013-06-09 02:56:59 +0000},
	Date-Modified = {2013-06-09 02:56:59 +0000},
	Number = {4},
	Pages = {6},
	Title = {ICT energy consumption-trends and challenges},
	Volume = {2},
	Year = {2008}}

@article{baliga2009energy,
	Author = {Baliga, Jayant and Ayre, Robert and Hinton, Kerry and Sorin, Wayne V and Tucker, Rodney S},
	Date-Added = {2013-06-09 02:56:48 +0000},
	Date-Modified = {2013-06-09 02:56:48 +0000},
	Journal = {Journal of Lightwave Technology},
	Number = {13},
	Pages = {2391--2403},
	Publisher = {IEEE},
	Title = {Energy consumption in optical IP networks},
	Volume = {27},
	Year = {2009}}

@inproceedings{baliga2007photonic,
	Author = {Baliga, J and Ayre, R and Hinton, K and Tucker, RS},
	Booktitle = {Photonics in Switching, 2007},
	Date-Added = {2013-06-09 02:56:46 +0000},
	Date-Modified = {2013-06-09 02:56:46 +0000},
	Organization = {IEEE},
	Pages = {125--126},
	Title = {Photonic switching and the energy bottleneck},
	Year = {2007}}

@inproceedings{baliga2008energy,
	Author = {Baliga, Jayant and Ayre, Robert and Sorin, Wayne V and Hinton, Kerry and Tucker, Rodney S},
	Booktitle = {Optical Fiber communication/National Fiber Optic Engineers Conference, 2008. OFC/NFOEC 2008. Conference on},
	Date-Added = {2013-06-09 02:56:46 +0000},
	Date-Modified = {2013-06-09 02:56:46 +0000},
	Organization = {IEEE},
	Pages = {1--3},
	Title = {Energy consumption in access networks},
	Year = {2008}}

@inproceedings{baliga2007energy,
	Author = {Baliga, Jayant and Hinton, Kerry and Tucker, Rodney S},
	Booktitle = {Optical Internet, 2007 and the 2007 32nd Australian Conference on Optical Fibre Technology. COIN-ACOFT 2007. Joint International Conference on},
	Date-Added = {2013-06-09 02:56:42 +0000},
	Date-Modified = {2013-06-09 02:56:42 +0000},
	Organization = {IEEE},
	Pages = {1--3},
	Title = {Energy consumption of the Internet},
	Year = {2007}}

@inproceedings{tucker2008energy,
	Author = {Tucker, Rodney S and Baliga, Jayant and Ayre, Robert and Hinton, Kerry and Sorin, Wayne V},
	Booktitle = {Optical Communication, 2008. ECOC 2008. 34th European Conference on},
	Date-Added = {2013-06-09 02:56:41 +0000},
	Date-Modified = {2013-06-09 02:56:41 +0000},
	Organization = {IEEE},
	Pages = {1--1},
	Title = {Energy consumption in IP networks},
	Year = {2008}}

@inproceedings{lafortune2009simulating,
	Author = {LaFortune, Ryan and Carothers, Christopher D and Smith, William D and Czechowski, Joe and Wang, Xi},
	Booktitle = {System Sciences, 2009. HICSS'09. 42nd Hawaii International Conference on},
	Date-Added = {2013-06-09 02:55:47 +0000},
	Date-Modified = {2013-06-09 02:55:47 +0000},
	Organization = {IEEE},
	Pages = {1--10},
	Title = {Simulating large-scale P2P assisted video streaming},
	Year = {2009}}

@inproceedings{moore2005making,
	Author = {Moore, Justin and Chase, Jeff and Ranganathan, Parthasarathy and Sharma, Ratnesh},
	Booktitle = {Proceedings of the annual conference on USENIX Annual Technical Conference},
	Date-Added = {2013-06-09 02:55:25 +0000},
	Date-Modified = {2013-06-09 02:55:25 +0000},
	Pages = {5--5},
	Title = {Making scheduling" cool": temperature-aware workload placement in data centers},
	Year = {2005}}

@inproceedings{palasamudram2012using,
	Author = {Palasamudram, Darshan S and Sitaraman, Ramesh K and Urgaonkar, Bhuvan and Urgaonkar, Rahul},
	Booktitle = {Proceedings of the Third ACM Symposium on Cloud Computing},
	Date-Added = {2013-06-09 02:54:52 +0000},
	Date-Modified = {2013-06-09 02:54:52 +0000},
	Organization = {ACM},
	Pages = {11},
	Title = {Using batteries to reduce the power costs of internet-scale distributed networks},
	Year = {2012}}

@article{sharma2005balance,
	Author = {Sharma, Ratnesh K and Bash, Cullen E and Patel, Chandrakant D and Friedrich, Richard J and Chase, Jeffrey S},
	Date-Added = {2013-06-09 02:53:36 +0000},
	Date-Modified = {2013-06-09 02:53:36 +0000},
	Journal = {Internet Computing, IEEE},
	Number = {1},
	Pages = {42--49},
	Publisher = {IEEE},
	Title = {Balance of power: Dynamic thermal management for internet data centers},
	Volume = {9},
	Year = {2005}}

@incollection{pries2012power,
	Author = {Pries, Rastin and Jarschel, Michael and Schlosser, Daniel and Klopf, Michael and Tran-Gia, Phuoc},
	Booktitle = {Green Communications and Networking},
	Date-Added = {2013-06-09 02:52:58 +0000},
	Date-Modified = {2013-06-09 02:52:58 +0000},
	Pages = {114--124},
	Publisher = {Springer},
	Title = {Power Consumption Analysis of Data Center Architectures},
	Year = {2012}}

@inproceedings{6108085,
	Author = {Jarabek, C. and Mea Wang},
	Booktitle = {Performance Computing and Communications Conference (IPCCC), 2011 IEEE 30th International},
	Date-Added = {2013-06-09 02:50:42 +0000},
	Date-Modified = {2013-06-09 02:50:42 +0000},
	Doi = {10.1109/PCCC.2011.6108085},
	Issn = {1097-2641},
	Keywords = {Web services;authorisation;cloud computing;content management;information resources;peer-to-peer computing;authentication;backend processing;cloud service provider;communication resource;computation resource;content delivery network server;data centre;data exchange;energy consumption;energy cost;energy efficient hardware-software;energy saving;home modems;hybrid P2P-cloud network;proxy service;Analytical models;Cloud computing;Computational modeling;Energy consumption;Peer to peer computing;Servers},
	Pages = {1-10},
	Title = {Can P2P help the cloud go green?},
	Year = {2011},
	Bdsk-Url-1 = {http://dx.doi.org/10.1109/PCCC.2011.6108085}}

@inproceedings{Nedevschi:2008:HDC:1855610.1855618,
	Acmid = {1855618},
	Address = {Berkeley, CA, USA},
	Author = {Nedevschi, Sergiu and Ratnasamy, Sylvia and Padhye, Jitendra},
	Booktitle = {Proceedings of the 2008 conference on Power aware computing and systems},
	Date-Added = {2013-06-09 02:50:01 +0000},
	Date-Modified = {2013-06-09 02:50:01 +0000},
	Location = {San Diego, California},
	Numpages = {1},
	Pages = {8--8},
	Publisher = {USENIX Association},
	Series = {HotPower'08},
	Title = {Hot data centers vs. cool peers},
	Url = {http://dl.acm.org/citation.cfm?id=1855610.1855618},
	Year = {2008},
	Bdsk-Url-1 = {http://dl.acm.org/citation.cfm?id=1855610.1855618}}

@inproceedings{5963557,
	Author = {Guan, K. and Atkinson, G. and Kilper, D.C. and Gulsen, E.},
	Booktitle = {Communications Workshops (ICC), 2011 IEEE International Conference on},
	Date-Added = {2013-06-09 02:48:41 +0000},
	Date-Modified = {2013-06-09 02:48:41 +0000},
	Doi = {10.1109/iccw.2011.5963557},
	Keywords = {Internet;content management;energy conservation;energy consumption;optical fibre networks;CCN;content centric networking;content delivery architectures;content distribution network;dynamic optical bypass;energy consumption;energy efficiency;network devices;network equipment;Catalogs;Energy consumption;Network topology;Optical fiber networks;Servers;Topology;Wavelength division multiplexing},
	Pages = {1-6},
	Title = {On the Energy Efficiency of Content Delivery Architectures},
	Year = {2011},
	Bdsk-Url-1 = {http://dx.doi.org/10.1109/iccw.2011.5963557}}

@misc{dispute,
	Date-Added = {2013-03-10 12:08:52 +0000},
	Date-Modified = {2013-03-10 12:09:51 +0000},
	Howpublished = {http://www.internap.com/2010/12/02/peering-disputes-comcast-level-3-and-you/},
	Keywords = {peering, dispute},
	Month = {12},
	Title = {Comcast and Level peering dispute},
	Year = {2010}}

@inproceedings{Jiang:2012:OMD:2413176.2413193,
	Acmid = {2413193},
	Address = {New York, NY, USA},
	Author = {Jiang, Wenjie and Ioannidis, Stratis and Massouli{\'e}, Laurent and Picconi, Fabio},
	Booktitle = {Proceedings of the 8th international conference on Emerging networking experiments and technologies},
	Date-Added = {2013-03-03 15:52:08 +0000},
	Date-Modified = {2013-03-03 15:52:08 +0000},
	Doi = {10.1145/2413176.2413193},
	Isbn = {978-1-4503-1775-7},
	Keywords = {content placement, distributed content distribution networks, request routing},
	Location = {Nice, France},
	Numpages = {12},
	Pages = {133--144},
	Publisher = {ACM},
	Series = {CoNEXT '12},
	Title = {Orchestrating massively distributed CDNs},
	Url = {http://doi.acm.org/10.1145/2413176.2413193},
	Year = {2012},
	Bdsk-Url-1 = {http://doi.acm.org/10.1145/2413176.2413193},
	Bdsk-Url-2 = {http://dx.doi.org/10.1145/2413176.2413193}}

@misc{figaro,
	Date-Added = {2013-03-03 15:05:35 +0000},
	Date-Modified = {2013-03-03 15:06:04 +0000},
	Howpublished = {http://www.ict-figaro.eu/},
	Keywords = {Home Networks},
	Title = {Figaro Project},
	Year = {2012}}

@book{norton2011internet,
	Annote = {@book{norton2011internet,
  title={The Internet Peering Playbook: Connecting to the Core of the Internet},
  author={Norton, William B},
  year={2011},
  publisher={DrPeering Press}
}},
	Author = {Norton, William B},
	Date-Added = {2013-03-03 11:14:28 +0000},
	Date-Modified = {2013-03-03 11:15:41 +0000},
	Edition = {2nd},
	Keywords = {Peering, CDN},
	Month = {December},
	Publisher = {DrPeering Press},
	Title = {The Internet Peering Playbook: Connecting to the Core of the Internet},
	Year = {2012}}

@article{DBLP:journals/corr/abs-1212-4915,
	Author = {Ke Xu and Yifeng Zhong and Huan He},
	Bibsource = {DBLP, http://dblp.uni-trier.de},
	Date-Added = {2013-03-02 16:59:32 +0000},
	Date-Modified = {2013-03-02 16:59:32 +0000},
	Ee = {http://arxiv.org/abs/1212.4915},
	Journal = {CoRR},
	Title = {Can P2P Technology Benefit Eyeball ISPs? A Cooperative Profit Distribution Answer},
	Volume = {abs/1212.4915},
	Year = {2012}}

@article{NaoyaMAKI2012,
	Author = {Naoya MAKI and Takayuki NISHIO and Ryoichi SHINKUMA and Tatsuya MORI and Noriaki KAMIYAMA and Ryoichi KAWAHARA and Tatsuro TAKAHASHI},
	Date-Added = {2013-03-02 16:07:04 +0000},
	Date-Modified = {2013-03-02 16:08:36 +0000},
	Journal = {IEICE Transactions on Information and Systems},
	Keywords = {CDN, Traffic Localization, Peer-Assisted},
	Month = {December},
	Number = {12},
	Pages = {2860-2869},
	Title = {Traffic Engineering of Peer-Assisted Content Delivery Network with Content-Oriented Incentive Mechanism},
	Volume = {E95.D},
	Year = {2012}}

@article{NoriakiKAMIYAMA2013,
	Author = {Noriaki KAMIYAMA and Tatsuya MORI and Ryoichi KAWAHARA and Haruhisa HASEGAWA},
	Date-Added = {2013-03-02 16:02:59 +0000},
	Date-Modified = {2013-03-02 16:04:22 +0000},
	Journal = {IEICE Transactions on Communications},
	Keywords = {CDN, Topology},
	Month = {March},
	Number = {3},
	Pages = {790-801},
	Title = {Optimally Designing ISP-Operated CDN},
	Volume = {E96.B},
	Year = {2013}}

@article{Zink:2009:CYN:1502814.1502987,
	Acmid = {1502987},
	Address = {New York, NY, USA},
	Author = {Zink, Michael and Suh, Kyoungwon and Gu, Yu and Kurose, Jim},
	Date-Added = {2013-03-02 15:55:27 +0000},
	Date-Modified = {2013-03-02 15:55:27 +0000},
	Doi = {10.1016/j.comnet.2008.09.022},
	Issn = {1389-1286},
	Issue_Date = {March, 2009},
	Journal = {Comput. Netw.},
	Keywords = {Caching, Content distribution, Measurement study, Peer-to-Peer},
	Month = mar,
	Number = {4},
	Numpages = {14},
	Pages = {501--514},
	Publisher = {Elsevier North-Holland, Inc.},
	Title = {Characteristics of YouTube network traffic at a campus network - Measurements, models, and implications},
	Url = {http://dx.doi.org/10.1016/j.comnet.2008.09.022},
	Volume = {53},
	Year = {2009},
	Bdsk-Url-1 = {http://dx.doi.org/10.1016/j.comnet.2008.09.022}}

@article{6158423,
	Author = {Garcia-Dorado, J.L. and Finamore, A. and Mellia, M. and Meo, M. and Munafo, M.},
	Date-Added = {2013-03-02 15:54:46 +0000},
	Date-Modified = {2013-03-02 15:54:46 +0000},
	Doi = {10.1109/TNSM.2012.022412.110184},
	Issn = {1932-4537},
	Journal = {Network and Service Management, IEEE Transactions on},
	Keywords = {Availability;Bit rate;Internet;Monitoring;Optical fiber subscriber loops;Probes;Streaming media;Internet;peer-to-peer computing;telecommunication traffic;video streaming;European countries;ISP traffic characterization;Internet users;P2P technologies;access technology impact;file hosting;network monitoring;user habits;video streaming;ISP traffic;Network monitoring;traffic analyzer;},
	Month = {june},
	Number = {2},
	Pages = {142 -155},
	Title = {Characterization of ISP Traffic: Trends, User Habits, and Access Technology Impact},
	Volume = {9},
	Year = {2012},
	Bdsk-Url-1 = {http://dx.doi.org/10.1109/TNSM.2012.022412.110184}}

@inproceedings{6195531,
	Author = {Adhikari, V.K. and Yang Guo and Fang Hao and Varvello, M. and Hilt, V. and Steiner, M. and Zhi-Li Zhang},
	Booktitle = {INFOCOM, 2012 Proceedings IEEE},
	Date-Added = {2013-03-02 15:53:48 +0000},
	Date-Modified = {2013-03-02 15:53:48 +0000},
	Doi = {10.1109/INFCOM.2012.6195531},
	Issn = {0743-166X},
	Keywords = {Bandwidth;Bit rate;Browsers;Computers;Motion pictures;Servers;Streaming media;Internet;bandwidth allocation;computer centres;video on demand;video streaming;CDN assignment strategy;Canada;Netflix architecture;US;content delivery networks;content distribution;data centers;measurement-based adaptive CDN selection strategy;multiCDN movie delivery bandwidth;on-demand Internet video streaming;on-demand streaming services;peak downstream traffic;service strategy;user average bandwidth;video delivery bandwidth;video delivery strategy;},
	Month = {march},
	Pages = {1620 -1628},
	Title = {Unreeling netflix: Understanding and improving multi-CDN movie delivery},
	Year = {2012},
	Bdsk-Url-1 = {http://dx.doi.org/10.1109/INFCOM.2012.6195531}}

@inproceedings{Finamore:2011:YEI:2068816.2068849,
	Acmid = {2068849},
	Address = {New York, NY, USA},
	Author = {Finamore, Alessandro and Mellia, Marco and Munaf\`{o}, Maurizio M. and Torres, Ruben and Rao, Sanjay G.},
	Booktitle = {Proceedings of the 2011 ACM SIGCOMM conference on Internet measurement conference},
	Date-Added = {2013-03-02 15:51:24 +0000},
	Date-Modified = {2013-03-02 15:51:24 +0000},
	Doi = {10.1145/2068816.2068849},
	Isbn = {978-1-4503-1013-0},
	Keywords = {YouTube, internet measurement, mobile performance, quality of experience, video streaming},
	Location = {Berlin, Germany},
	Numpages = {16},
	Pages = {345--360},
	Publisher = {ACM},
	Series = {IMC '11},
	Title = {YouTube everywhere: impact of device and infrastructure synergies on user experience},
	Url = {http://doi.acm.org/10.1145/2068816.2068849},
	Year = {2011},
	Bdsk-Url-1 = {http://doi.acm.org/10.1145/2068816.2068849},
	Bdsk-Url-2 = {http://dx.doi.org/10.1145/2068816.2068849}}

@inproceedings{5961681,
	Author = {Torres, R. and Finamore, A. and Jin Ryong Kim and Mellia, M. and Munafo, M.M. and Sanjay Rao},
	Booktitle = {Distributed Computing Systems (ICDCS), 2011 31st International Conference on},
	Date-Added = {2013-03-02 15:50:08 +0000},
	Date-Modified = {2013-03-02 15:50:08 +0000},
	Doi = {10.1109/ICDCS.2011.43},
	Issn = {1063-6927},
	Keywords = {Europe;Geology;Google;IP networks;Internet;Servers;YouTube;computer centres;geographic information systems;social networking (online);video servers;DNS server;ISP network;YouTube CDN;data center;delay-based geolocation technique;load balancing;video server selection process;Content distribution networks;Web;internet services;},
	Month = {june},
	Pages = {248 -257},
	Title = {Dissecting Video Server Selection Strategies in the YouTube CDN},
	Year = {2011},
	Bdsk-Url-1 = {http://dx.doi.org/10.1109/ICDCS.2011.43}}

@inproceedings{6381662,
	Author = {Finamore, A. and Gehlen, V. and Mellia, M. and Munafo, M.M. and Nicolini, S},
	Booktitle = {Telecommunications Network Strategy and Planning Symposium (NETWORKS), 2012 XVth International},
	Date-Added = {2013-03-02 04:59:26 +0000},
	Date-Modified = {2013-03-02 05:01:04 +0000},
	Keywords = {CDN},
	Month = {Oct},
	Pages = {1-6},
	Publisher = {IEEE},
	Title = {The need for an intelligent measurement plane: The example of time-variant CDN policies},
	Year = {2012}}

@inproceedings{gill2007youtube,
	Author = {Gill, Phillipa and Arlitt, Martin and Li, Zongpeng and Mahanti, Anirban},
	Booktitle = {Proceedings of the 7th ACM SIGCOMM conference on Internet measurement},
	Date-Added = {2013-03-02 04:56:39 +0000},
	Date-Modified = {2013-03-02 04:58:11 +0000},
	Keywords = {Youtube},
	Organization = {ACM},
	Pages = {15--28},
	Title = {Youtube traffic characterization: a view from the edge},
	Year = {2007}}

@article{varvello2011traffic,
	Author = {Varvello, Matteo and Steiner, Moritz},
	Date-Added = {2013-03-02 04:50:42 +0000},
	Date-Modified = {2013-03-02 04:52:20 +0000},
	Journal = {NETWORKING 2011},
	Keywords = {DHT},
	Pages = {40-53},
	Title = {Traffic localization for DHT-based BitTorrent networks},
	Volume = {6641},
	Year = {2011}}

@book{gametheory,
	Author = {Martin J. Osborne and Ariel Rubinstein},
	Date-Added = {2013-03-01 05:20:39 +0000},
	Date-Modified = {2013-03-01 05:22:25 +0000},
	Keywords = {game theory; strategic games; extensive games; coalitional games},
	Number = {0262650401},
	Publisher = {MIT Press},
	Series = {MIT Press Books},
	Title = {A Course in Game Theory},
	Volume = {1},
	Year = {1994}}

@misc{rasterbar,
	Author = {Nordberg, Arvid},
	Note = {\url{http://www.rasterbar.com/products/libttorrent}},
	Title = {Rasterbar Libtorrent}}

@misc{uptime,
	Author = {Uptime Institute},
	Howpublished = {\url{http://uptimeinstitute.com/2012-survey-results}},
	Title = {the 2012 Uptime Institute Data Center Industry Survey}}

@misc{federation,
	Author = {Cisco},
	Date-Added = {2013-02-15 05:44:20 +0000},
	Date-Modified = {2013-02-15 05:45:05 +0000},
	Keywords = {CDN, CDNI},
	Month = {10},
	Note = {Available on \url{http://www.cisco.com/web/about/ac79/docs/sp/CDN-Federation_Phase-2-Pilot.pdf}},
	Title = {CDN Federation},
	Year = {2012}}

@misc{cdni,
	Author = {IETF},
	Date-Added = {2013-01-18 09:40:24 +0000},
	Date-Modified = {2013-02-14 02:41:37 +0000},
	Keywords = {cdni},
	Note = {Available on \url{https://datatracker.ietf.org/wg/cdni/}},
	Title = {CDN Interconnect IETF Working Group},
	Url = {https://datatracker.ietf.org/wg/cdni/},
	Year = {2013},
	Bdsk-Url-1 = {https://datatracker.ietf.org/wg/cdni/}}

@misc{oceanproject,
	Author = {Ocean Project},
	Date-Added = {2013-02-14 02:28:03 +0000},
	Date-Modified = {2013-02-14 02:41:20 +0000},
	Keywords = {ocean},
	Lastchecked = {30th Jan 2013},
	Note = {Available on \url{http://www.itc-ocean.eu}},
	Title = {Open Content Aware Networks},
	Url = {http://www.itc-ocean.eu},
	Year = {2013},
	Bdsk-Url-1 = {http://www.itc-ocean.eu}}

@inproceedings{Krishnan:2009:MBE:1644893.1644917,
	Acmid = {1644917},
	Address = {New York, NY, USA},
	Author = {Krishnan, Rupa and Madhyastha, Harsha V. and Srinivasan, Sridhar and Jain, Sushant and Krishnamurthy, Arvind and Anderson, Thomas and Gao, Jie},
	Booktitle = {Proceedings of the 9th ACM SIGCOMM conference on Internet measurement conference},
	Date-Added = {2013-02-10 14:46:22 +0000},
	Date-Modified = {2013-02-10 14:46:22 +0000},
	Doi = {10.1145/1644893.1644917},
	Isbn = {978-1-60558-771-4},
	Keywords = {content distribution networks, latency inflation, network troubleshooting},
	Location = {Chicago, Illinois, USA},
	Numpages = {12},
	Pages = {190--201},
	Publisher = {ACM},
	Series = {IMC '09},
	Title = {Moving beyond end-to-end path information to optimize CDN performance},
	Url = {http://doi.acm.org/10.1145/1644893.1644917},
	Year = {2009},
	Bdsk-Url-1 = {http://doi.acm.org/10.1145/1644893.1644917},
	Bdsk-Url-2 = {http://dx.doi.org/10.1145/1644893.1644917}}

@article{Labovitz:2010:IIT:2043164.1851194,
	Acmid = {1851194},
	Address = {New York, NY, USA},
	Author = {Labovitz, Craig and Iekel-Johnson, Scott and McPherson, Danny and Oberheide, Jon and Jahanian, Farnam},
	Date-Added = {2013-01-18 09:32:47 +0000},
	Date-Modified = {2013-01-18 09:32:47 +0000},
	Issn = {0146-4833},
	Issue_Date = {August 2011},
	Journal = {SIGCOMM Comput. Commun. Rev.},
	Keywords = {architecture, inter-domain traffic, internet, peering policies},
	Month = aug,
	Number = {4},
	Pages = {--},
	Publisher = {ACM},
	Title = {Internet inter-domain traffic},
	Url = {http://dl.acm.org/citation.cfm?id=2043164.1851194},
	Volume = {41},
	Year = {2010},
	Bdsk-Url-1 = {http://dl.acm.org/citation.cfm?id=2043164.1851194}}

@inproceedings{Cha:2008:NTP:1855641.1855646,
	Acmid = {1855646},
	Address = {Berkeley, CA, USA},
	Author = {Cha, Meeyoung and Rodriguez, Pablo and Moon, Sue and Crowcroft, Jon},
	Booktitle = {Proceedings of the 7th international conference on Peer-to-peer systems},
	Date-Added = {2013-01-18 06:01:38 +0000},
	Date-Modified = {2013-01-18 06:01:38 +0000},
	Location = {Tampa Bay, Florida},
	Numpages = {1},
	Pages = {5--5},
	Publisher = {USENIX Association},
	Series = {IPTPS'08},
	Title = {On next-generation telco-managed P2P TV architectures},
	Url = {http://dl.acm.org/citation.cfm?id=1855641.1855646},
	Year = {2008},
	Bdsk-Url-1 = {http://dl.acm.org/citation.cfm?id=1855641.1855646}}

@article{Misra:2010:IPS:1811099.1811064,
	Acmid = {1811064},
	Address = {New York, NY, USA},
	Author = {Misra, Vishal and Ioannidis, Stratis and Chaintreau, Augustin and Massouli{\'e}, Laurent},
	Date-Added = {2013-01-18 06:01:05 +0000},
	Date-Modified = {2013-01-18 06:01:05 +0000},
	Doi = {10.1145/1811099.1811064},
	Issn = {0163-5999},
	Issue_Date = {June 2010},
	Journal = {SIGMETRICS Perform. Eval. Rev.},
	Keywords = {cooperative game theory, incentive mechanisms},
	Month = jun,
	Number = {1},
	Numpages = {12},
	Pages = {215--226},
	Publisher = {ACM},
	Title = {Incentivizing peer-assisted services: a fluid shapley value approach},
	Url = {http://doi.acm.org/10.1145/1811099.1811064},
	Volume = {38},
	Year = {2010},
	Bdsk-Url-1 = {http://doi.acm.org/10.1145/1811099.1811064},
	Bdsk-Url-2 = {http://dx.doi.org/10.1145/1811099.1811064}}

@inproceedings{4772628,
	Author = {Hai Jiang and Jun Li and Zhongcheng Li and Jing Liu},
	Booktitle = {Networks, 2008. ICON 2008. 16th IEEE International Conference on},
	Date-Added = {2013-01-16 06:13:29 +0000},
	Date-Modified = {2013-01-16 06:13:29 +0000},
	Doi = {10.1109/ICON.2008.4772628},
	Issn = {1556-6463},
	Keywords = {Computer architecture;Costs;Internet;Large-scale systems;Network servers;Peer to peer computing;Performance analysis;Quality of service;Scalability;Web server;Internet;network servers;peer-to-peer computing;quality of service;CDN-level core network;Internet;P2P-level logical access network;QoS;central server;content delivery network;edge servers;hierarchical content distribution;quality of service;},
	Month = {dec.},
	Pages = {1 -6},
	Title = {Efficient hierarchical content distribution using P2P technology},
	Year = {2008},
	Bdsk-Url-1 = {http://dx.doi.org/10.1109/ICON.2008.4772628}}

@inproceedings{Huang:2008:UHC:1496046.1496064,
	Acmid = {1496064},
	Address = {New York, NY, USA},
	Author = {Huang, Cheng and Wang, Angela and Li, Jin and Ross, Keith W.},
	Booktitle = {Proceedings of the 18th International Workshop on Network and Operating Systems Support for Digital Audio and Video},
	Date-Added = {2013-01-16 06:09:53 +0000},
	Date-Modified = {2013-03-02 04:58:02 +0000},
	Doi = {10.1145/1496046.1496064},
	Isbn = {978-1-60558-157-6},
	Keywords = {CDN, Akamai},
	Location = {Braunschweig, Germany},
	Numpages = {6},
	Pages = {75--80},
	Publisher = {ACM},
	Series = {NOSSDAV '08},
	Title = {Understanding hybrid CDN-P2P: why limelight needs its own Red Swoosh},
	Url = {http://doi.acm.org/10.1145/1496046.1496064},
	Year = {2008},
	Bdsk-Url-1 = {http://doi.acm.org/10.1145/1496046.1496064},
	Bdsk-Url-2 = {http://dx.doi.org/10.1145/1496046.1496064}}

@inproceedings{6249305,
	Author = {Mathieu, B. and Levene, Y.},
	Booktitle = {Computers and Communications (ISCC), 2012 IEEE Symposium on},
	Date-Added = {2012-09-11 05:54:05 +0000},
	Date-Modified = {2012-09-11 05:54:05 +0000},
	Doi = {10.1109/ISCC.2012.6249305},
	Issn = {1530-1346},
	Keywords = {ADSL customers;ALTO-like systems;CDN-based network;FTTH customers;FTTH deployment;France Telecom network;Internet traffic;P2P-based delivery system;P2P-based distribution;access networks;broadband access connection;centralised server;content delivery network providers;fiber to the home networks;link capacities;live streamed contents;live streaming delivery systems;live streaming service;national P2P network;network-aware P2P;regional P2P network;regional servers;techno-economic assessment;xDSL networks;Internet;digital subscriber lines;optical fibre subscriber loops;peer-to-peer computing;video streaming;},
	Month = {july},
	Pages = {000259 -000264},
	Title = {Impact of FTTH deployment on live streaming delivery systems},
	Year = {2012},
	Bdsk-Url-1 = {http://dx.doi.org/10.1109/ISCC.2012.6249305}}

@article{Passarella20121,
	Author = {Andrea Passarella},
	Date-Added = {2012-09-11 05:52:45 +0000},
	Date-Modified = {2012-09-11 05:52:45 +0000},
	Doi = {10.1016/j.comcom.2011.10.005},
	Issn = {0140-3664},
	Journal = {Computer Communications},
	Keywords = {Internet evolution},
	Number = {1},
	Pages = {1 - 32},
	Title = {A survey on content-centric technologies for the current Internet: CDN and P2P solutions},
	Url = {http://www.sciencedirect.com/science/article/pii/S0140366411003173},
	Volume = {35},
	Year = {2012},
	Bdsk-Url-1 = {http://www.sciencedirect.com/science/article/pii/S0140366411003173},
	Bdsk-Url-2 = {http://dx.doi.org/10.1016/j.comcom.2011.10.005}}

@article{Baccaglini2012430,
	Author = {Enrico Baccaglini and Marco Grangetto and Emanuele Quacchio and Simone Zezza},
	Date-Added = {2012-09-11 05:52:23 +0000},
	Date-Modified = {2012-09-11 05:52:23 +0000},
	Doi = {10.1016/j.image.2012.02.006},
	Issn = {0923-5965},
	Journal = {Signal Processing: Image Communication},
	Keywords = {PlanetLab},
	Note = {&lt;ce:title>ADVANCES IN 2D/3D VIDEO STREAMING OVER P2P NETWORKS&lt;/ce:title>},
	Number = {5},
	Pages = {430 - 437},
	Title = {A study of an hybrid CDN{\^a}€``P2P system over the PlanetLab network},
	Url = {http://www.sciencedirect.com/science/article/pii/S0923596512000355},
	Volume = {27},
	Year = {2012},
	Bdsk-Url-1 = {http://www.sciencedirect.com/science/article/pii/S0923596512000355},
	Bdsk-Url-2 = {http://dx.doi.org/10.1016/j.image.2012.02.006}}

@inproceedings{6148400,
	Author = {Garmehi, M. and Analoui, M.},
	Booktitle = {Internet Technology and Secured Transactions (ICITST), 2011 International Conference for},
	Date-Added = {2012-06-05 11:17:40 +0000},
	Date-Modified = {2012-06-05 11:17:40 +0000},
	Keywords = {NP-hard;client-server approach;distribution servers;economic heuristic solution;economical mechanism;hybrid CDN-P2P networks;multicasting tree construction problem;replica placement mechanism;approximation theory;computational complexity;multicast communication;peer-to-peer computing;trees (mathematics);},
	Month = {dec.},
	Pages = {566 -571},
	Title = {An economical mechanism for multicasting of content among servers of Hybrid CDN-P2P networks},
	Year = {2011}}

@inproceedings{6121327,
	Author = {ZhiHui Lu and XiaoHong Gao and SiJia Huang and Yi Huang},
	Booktitle = {Parallel and Distributed Systems (ICPADS), 2011 IEEE 17th International Conference on},
	Date-Added = {2012-06-05 11:16:52 +0000},
	Date-Modified = {2012-06-05 11:16:52 +0000},
	Doi = {10.1109/ICPADS.2011.113},
	Issn = {1521-9097},
	Keywords = {CDN network;CDN-P2P-hybrid architecture;P2P content delivery;P2P scalable end-to-end transmission capability;live streaming service;overlay hybrid method;peer node buffer structure;media streaming;peer-to-peer computing;},
	Month = {dec.},
	Pages = {581 -588},
	Title = {Scalable and Reliable Live Streaming Service through Coordinating CDN and P2P},
	Year = {2011},
	Bdsk-Url-1 = {http://dx.doi.org/10.1109/ICPADS.2011.113}}

@inproceedings{6089062,
	Author = {Mansy, A. and Ammar, M.},
	Booktitle = {Network Protocols (ICNP), 2011 19th IEEE International Conference on},
	Date-Added = {2012-06-05 11:15:34 +0000},
	Date-Modified = {2012-06-05 11:15:34 +0000},
	Doi = {10.1109/ICNP.2011.6089062},
	Keywords = {adaptive streaming;commercial video streaming;content distribution network;hybrid CDN/P2P live video systems;hybrid streaming system;linear optimization problem;peer-to-peer live streaming system;stochastic fluid model;video content distribution;adaptive signal processing;optimisation;peer-to-peer computing;stochastic processes;video streaming;},
	Month = {oct.},
	Pages = {276 -285},
	Title = {Analysis of adaptive streaming for hybrid CDN/P2P live video systems},
	Year = {2011},
	Bdsk-Url-1 = {http://dx.doi.org/10.1109/ICNP.2011.6089062}}

@inproceedings{6008730,
	Author = {Cervino, J. and Rodriguez, P. and Trajkovska, I. and Mozo, A. and Salvachua, J.},
	Booktitle = {Cloud Computing (CLOUD), 2011 IEEE International Conference on},
	Date-Added = {2012-06-05 11:14:52 +0000},
	Date-Modified = {2012-06-05 11:14:52 +0000},
	Doi = {10.1109/CLOUD.2011.52},
	Issn = {2159-6182},
	Keywords = {CDN;PlanetLab machines;cloud provider network;cloud streaming architectures;hybrid P2P architectures;hybrid distribution network;key streaming QoS parameters;multimedia QoS parameters;network topologies;online real-time streaming services;streaming distribution network;cloud computing;peer-to-peer computing;quality of service;telecommunication network topology;video streaming;},
	Month = {july},
	Pages = {356 -363},
	Title = {Testing a Cloud Provider Network for Hybrid P2P and Cloud Streaming Architectures},
	Year = {2011},
	Bdsk-Url-1 = {http://dx.doi.org/10.1109/CLOUD.2011.52}}

@inproceedings{5608730,
	Author = {Hasslinger, G. and Hohlfeld, O.},
	Booktitle = {Teletraffic Congress (ITC), 2010 22nd International},
	Date-Added = {2012-06-05 11:13:41 +0000},
	Date-Modified = {2012-06-05 11:13:41 +0000},
	Doi = {10.1109/ITC.2010.5608730},
	Keywords = {HTTP;IP traffic;Internet;P2P networks;Web sites;Zipf-like access pattern;access statistics;broadband access networks;cache efficiency;content delivery;content distribution;economical provisioning;network providers;peer-to-peer networks;traffic engineering;Internet;Web sites;hypermedia;peer-to-peer computing;telecommunication traffic;transport protocols;},
	Month = {sept.},
	Pages = {1 -8},
	Title = {Efficiency of caches for content distribution on the Internet},
	Year = {2010},
	Bdsk-Url-1 = {http://dx.doi.org/10.1109/ITC.2010.5608730}}

@inproceedings{5557245,
	Author = {ZhiHui Lu and Jie Wu and WeiMing Fu},
	Booktitle = {Services Computing (SCC), 2010 IEEE International Conference on},
	Date-Added = {2012-06-05 11:13:02 +0000},
	Date-Modified = {2012-06-05 11:13:02 +0000},
	Doi = {10.1109/SCC.2010.80},
	Keywords = {CDN-P2P-hybrid architecture;SLA negotiation model;SLA performance monitoring;Web services agreement specification;Web services standard;cloud computing;content service mode;loosely-coupled hybrid model;management model;Web services;peer-to-peer computing;software architecture;software performance evaluation;},
	Month = {july},
	Pages = {297 -304},
	Title = {Towards a Novel Web Services Standard-Supported CDN-P2P Loosely-Coupled Hybrid and Management Model},
	Year = {2010},
	Bdsk-Url-1 = {http://dx.doi.org/10.1109/SCC.2010.80}}

@inproceedings{5546711,
	Author = {Zhan Wang and Hai Jiang and Yi Sun and Jun Li and Jing Liu and Dutkiewicz, Eryk},
	Booktitle = {Computers and Communications (ISCC), 2010 IEEE Symposium on},
	Date-Added = {2012-06-05 11:12:17 +0000},
	Date-Modified = {2012-06-05 11:12:17 +0000},
	Doi = {10.1109/ISCC.2010.5546711},
	Issn = {1530-1346},
	Month = {june},
	Pages = {811 -816},
	Title = {A k-coordinated decentralized replica placement algorithm for the ring-based CDN-P2P architecture},
	Year = {2010},
	Bdsk-Url-1 = {http://dx.doi.org/10.1109/ISCC.2010.5546711}}

@inproceedings{5395363,
	Author = {Hai Jiang and Zhan Wang and Wong, A.K. and Jun Li and Zhongcheng Li},
	Booktitle = {Parallel and Distributed Systems (ICPADS), 2009 15th International Conference on},
	Date-Added = {2012-06-05 11:10:19 +0000},
	Date-Modified = {2012-06-05 11:10:19 +0000},
	Doi = {10.1109/ICPADS.2009.25},
	Issn = {1521-9097},
	Keywords = {P2P distribution level;P2P networks;content distribution network;file sharing;hybrid CDN-P2P architecture;quality of service;replica placement algorithm;video streaming application;peer-to-peer computing;},
	Month = {dec.},
	Pages = {758 -763},
	Title = {A Replica Placement Algorithm for Hybrid CDN-P2P Architecture},
	Year = {2009},
	Bdsk-Url-1 = {http://dx.doi.org/10.1109/ICPADS.2009.25}}

@inproceedings{5358989,
	Author = {El Dick, M. and Pacitti, E. and Kemme, B.},
	Booktitle = {Advances in P2P Systems, 2009. AP2PS '09. First International Conference on},
	Date-Added = {2012-06-05 11:09:35 +0000},
	Date-Modified = {2012-06-05 11:09:35 +0000},
	Doi = {10.1109/AP2PS.2009.36},
	Keywords = {P2P content distribution network;P2P-CDN;PetalUp-CDN;network overload;performance evaluation;robust algorithms;underprovisionned Websites;Web sites;peer-to-peer computing;performance evaluation;query processing;telecommunication network routing;},
	Month = {oct.},
	Pages = {180 -185},
	Title = {A Highly Robust P2P-CDN under Large-Scale and Dynamic Participation},
	Year = {2009},
	Bdsk-Url-1 = {http://dx.doi.org/10.1109/AP2PS.2009.36}}

@inproceedings{4797271,
	Author = {Xuening Liu and Hao Yin and Chuang Lin},
	Booktitle = {Communications and Mobile Computing, 2009. CMC '09. WRI International Conference on},
	Date-Added = {2012-06-05 11:08:48 +0000},
	Date-Modified = {2012-06-05 11:08:48 +0000},
	Doi = {10.1109/CMC.2009.152},
	Keywords = {UDP transmissions;commercial CDN-P2P live streaming;content delivery network;large-scale live streaming system;peer-to-peer;resource allocation;video streams;peer-to-peer computing;resource allocation;video streaming;},
	Month = {jan.},
	Pages = {325 -329},
	Title = {A Novel and High-Quality Measurement Study of Commercial CDN-P2P Live Streaming},
	Volume = {3},
	Year = {2009},
	Bdsk-Url-1 = {http://dx.doi.org/10.1109/CMC.2009.152}}

@inproceedings{4734085,
	Author = {Hai Jiang and Jun Li and Zhongcheng Li and Xiangyu Bai},
	Booktitle = {Future Generation Communication and Networking, 2008. FGCN '08. Second International Conference on},
	Date-Added = {2012-06-05 11:07:57 +0000},
	Date-Modified = {2012-06-05 11:07:57 +0000},
	Doi = {10.1109/FGCN.2008.63},
	Keywords = {CDN-P2P network;Internet;content delivery network;deterministic fluid model;hybrid content distribution network;performance evaluation;Internet;peer-to-peer computing;},
	Month = {dec.},
	Pages = {188 -193},
	Title = {Performance Evaluation of Content Distribution in Hybrid CDN-P2P Network},
	Volume = {1},
	Year = {2008},
	Bdsk-Url-1 = {http://dx.doi.org/10.1109/FGCN.2008.63}}

@inproceedings{4215694,
	Author = {Kumar, R. and Yong Liu and Ross, K.},
	Booktitle = {INFOCOM 2007. 26th IEEE International Conference on Computer Communications. IEEE},
	Date-Added = {2012-06-05 11:06:13 +0000},
	Date-Modified = {2012-06-05 11:06:13 +0000},
	Doi = {10.1109/INFCOM.2007.112},
	Issn = {0743-166X},
	Keywords = {P2P streaming system;bandwidth fluctuation;buffering;closed-form expressions;peer churn;stochastic fluid theory;video streaming;peer-to-peer computing;stochastic processes;video streaming;},
	Month = {may},
	Pages = {919 -927},
	Title = {Stochastic Fluid Theory for P2P Streaming Systems},
	Year = {2007},
	Bdsk-Url-1 = {http://dx.doi.org/10.1109/INFCOM.2007.112}}

@inproceedings{4199285,
	Author = {Tewari, Saurabh and Kleinrock, Leonard},
	Booktitle = {Consumer Communications and Networking Conference, 2007. CCNC 2007. 4th IEEE},
	Date-Added = {2012-06-05 11:05:11 +0000},
	Date-Modified = {2012-06-05 11:05:11 +0000},
	Doi = {10.1109/CCNC.2007.197},
	Month = {jan.},
	Pages = {976 -980},
	Title = {Analytical Model for BitTorrent-Based Live Video Streaming},
	Year = {2007},
	Bdsk-Url-1 = {http://dx.doi.org/10.1109/CCNC.2007.197}}

@inproceedings{Aperjis:2006:PSE:1190195.1190206,
	Acmid = {1190206},
	Address = {New York, NY, USA},
	Articleno = {10},
	Author = {Aperjis, Christina and Johari, Ramesh},
	Booktitle = {Proceeding from the 2006 workshop on Game theory for communications and networks},
	Date-Added = {2012-06-05 10:47:50 +0000},
	Date-Modified = {2012-06-05 10:47:50 +0000},
	Doi = {10.1145/1190195.1190206},
	Isbn = {1-59593-507-X},
	Keywords = {exchange economy, peer-to-peer systems},
	Location = {Pisa, Italy},
	Publisher = {ACM},
	Series = {GameNets '06},
	Title = {A peer-to-peer system as an exchange economy},
	Url = {http://doi.acm.org/10.1145/1190195.1190206},
	Year = {2006},
	Bdsk-Url-1 = {http://doi.acm.org/10.1145/1190195.1190206},
	Bdsk-Url-2 = {http://dx.doi.org/10.1145/1190195.1190206}}

@inproceedings{Leong:2010:IPF:1851276.1851289,
	Acmid = {1851289},
	Address = {New York, NY, USA},
	Author = {Leong, Ben and Wang, Youming and Wen, Su and Carbunaru, Cristina and Teo, Yong Meng and Chang, Christopher and Ho, Tracey},
	Booktitle = {Proceedings of the first ACM asia-pacific workshop on Workshop on systems},
	Date-Added = {2012-06-05 10:24:17 +0000},
	Date-Modified = {2012-06-05 10:24:17 +0000},
	Doi = {10.1145/1851276.1851289},
	Isbn = {978-1-4503-0195-4},
	Keywords = {bittorrent, file distribution, peer-to-peer, promise, tit-for-tat},
	Location = {New Delhi, India},
	Numpages = {6},
	Pages = {55--60},
	Publisher = {ACM},
	Series = {APSys '10},
	Title = {Improving peer-to-peer file distribution: winner doesn't have to take all},
	Url = {http://doi.acm.org/10.1145/1851276.1851289},
	Year = {2010},
	Bdsk-Url-1 = {http://doi.acm.org/10.1145/1851276.1851289},
	Bdsk-Url-2 = {http://dx.doi.org/10.1145/1851276.1851289}}

@inproceedings{Mahajan:2004:EAG:1016527.1016531,
	Acmid = {1016531},
	Address = {New York, NY, USA},
	Author = {Mahajan, Ratul and Rodrig, Maya and Wetherall, David and Zahorjan, John},
	Booktitle = {Proceedings of the ACM SIGCOMM workshop on Practice and theory of incentives in networked systems},
	Date-Added = {2012-06-05 10:22:18 +0000},
	Date-Modified = {2012-06-05 10:22:18 +0000},
	Doi = {10.1145/1016527.1016531},
	Isbn = {1-58113-942-X},
	Keywords = {game theory, incentives, interdomain routing, system design, wireless networks},
	Location = {Portland, Oregon, USA},
	Numpages = {8},
	Pages = {183--190},
	Publisher = {ACM},
	Series = {PINS '04},
	Title = {Experiences applying game theory to system design},
	Url = {http://doi.acm.org/10.1145/1016527.1016531},
	Year = {2004},
	Bdsk-Url-1 = {http://doi.acm.org/10.1145/1016527.1016531},
	Bdsk-Url-2 = {http://dx.doi.org/10.1145/1016527.1016531}}

@article{Qiu:2004:MPA:1030194.1015508,
	Acmid = {1015508},
	Address = {New York, NY, USA},
	Author = {Qiu, Dongyu and Srikant, R.},
	Date-Added = {2012-06-05 10:21:36 +0000},
	Date-Modified = {2012-06-05 10:21:36 +0000},
	Doi = {10.1145/1030194.1015508},
	Issn = {0146-4833},
	Issue_Date = {October 2004},
	Journal = {SIGCOMM Comput. Commun. Rev.},
	Keywords = {fluid model, game theory, peer-to-peer networks},
	Month = aug,
	Number = {4},
	Numpages = {12},
	Pages = {367--378},
	Publisher = {ACM},
	Title = {Modeling and performance analysis of BitTorrent-like peer-to-peer networks},
	Url = {http://doi.acm.org/10.1145/1030194.1015508},
	Volume = {34},
	Year = {2004},
	Bdsk-Url-1 = {http://doi.acm.org/10.1145/1030194.1015508},
	Bdsk-Url-2 = {http://dx.doi.org/10.1145/1030194.1015508}}

@inproceedings{Sweha:2012:ACP:2155555.2155587,
	Acmid = {2155587},
	Address = {New York, NY, USA},
	Author = {Sweha, Raymond and Ishakian, Vatche and Bestavros, Azer},
	Booktitle = {Proceedings of the 3rd Multimedia Systems Conference},
	Date-Added = {2012-06-05 10:21:17 +0000},
	Date-Modified = {2012-06-05 10:21:17 +0000},
	Doi = {10.1145/2155555.2155587},
	Isbn = {978-1-4503-1131-1},
	Location = {Chapel Hill, North Carolina},
	Numpages = {12},
	Pages = {191--202},
	Publisher = {ACM},
	Series = {MMSys '12},
	Title = {AngelCast: cloud-based peer-assisted live streaming using optimized multi-tree construction},
	Url = {http://doi.acm.org/10.1145/2155555.2155587},
	Year = {2012},
	Bdsk-Url-1 = {http://doi.acm.org/10.1145/2155555.2155587},
	Bdsk-Url-2 = {http://dx.doi.org/10.1145/2155555.2155587}}

@article{Rahman:2011:DSA:2043164.2018458,
	Acmid = {2018458},
	Address = {New York, NY, USA},
	Author = {Rahman, Rameez and Vink\'{o}, Tam\'{a}s and Hales, David and Pouwelse, Johan and Sips, Henk},
	Date-Added = {2012-06-05 10:20:56 +0000},
	Date-Modified = {2012-06-05 10:20:56 +0000},
	Doi = {10.1145/2043164.2018458},
	Issn = {0146-4833},
	Issue_Date = {August 2011},
	Journal = {SIGCOMM Comput. Commun. Rev.},
	Keywords = {design space analysis, game theory, incentive systems, robustness},
	Month = aug,
	Number = {4},
	Numpages = {12},
	Pages = {182--193},
	Publisher = {ACM},
	Title = {Design space analysis for modeling incentives in distributed systems},
	Url = {http://doi.acm.org/10.1145/2043164.2018458},
	Volume = {41},
	Year = {2011},
	Bdsk-Url-1 = {http://doi.acm.org/10.1145/2043164.2018458},
	Bdsk-Url-2 = {http://dx.doi.org/10.1145/2043164.2018458}}

@article{Chang:2011:LSR:1959441.1959446,
	Acmid = {1959446},
	Address = {Piscataway, NJ, USA},
	Author = {Chang, Hyunseok and Jamin, Sugih and Wang, Wenjie},
	Date-Added = {2012-06-05 10:20:36 +0000},
	Date-Modified = {2012-06-05 10:20:36 +0000},
	Doi = {10.1109/TNET.2010.2056382},
	Issn = {1063-6692},
	Issue_Date = {February 2011},
	Journal = {IEEE/ACM Trans. Netw.},
	Keywords = {live streaming, network architecture, peer-to-peer (P2P) system},
	Month = feb,
	Number = {1},
	Numpages = {14},
	Pages = {55--68},
	Publisher = {IEEE Press},
	Title = {Live streaming with receiver-based peer-division multiplexing},
	Url = {http://dx.doi.org/10.1109/TNET.2010.2056382},
	Volume = {19},
	Year = {2011},
	Bdsk-Url-1 = {http://dx.doi.org/10.1109/TNET.2010.2056382}}

@inproceedings{Yin:2009:DDH:1631272.1631279,
	Acmid = {1631279},
	Address = {New York, NY, USA},
	Author = {Yin, Hao and Liu, Xuening and Zhan, Tongyu and Sekar, Vyas and Qiu, Feng and Lin, Chuang and Zhang, Hui and Li, Bo},
	Booktitle = {Proceedings of the 17th ACM international conference on Multimedia},
	Date-Added = {2012-06-05 10:20:15 +0000},
	Date-Modified = {2012-06-05 10:20:15 +0000},
	Doi = {10.1145/1631272.1631279},
	Isbn = {978-1-60558-608-3},
	Keywords = {content delivery networks, live streaming, peer-to-peer},
	Location = {Beijing, China},
	Numpages = {10},
	Pages = {25--34},
	Publisher = {ACM},
	Series = {MM '09},
	Title = {Design and deployment of a hybrid CDN-P2P system for live video streaming: experiences with LiveSky},
	Url = {http://doi.acm.org/10.1145/1631272.1631279},
	Year = {2009},
	Bdsk-Url-1 = {http://doi.acm.org/10.1145/1631272.1631279},
	Bdsk-Url-2 = {http://dx.doi.org/10.1145/1631272.1631279}}

@inproceedings{Stamos:2009:EUC:1552486.1552509,
	Acmid = {1552509},
	Address = {New York, NY, USA},
	Author = {Stamos, Konstantinos and Pallis, George and Vakali, Athena and Dikaiakos, Marios D.},
	Booktitle = {Proceedings of the 4th edition of the UPGRADE-CN workshop on Use of P2P, GRID and agents for the development of content networks},
	Date-Added = {2012-06-05 10:19:47 +0000},
	Date-Modified = {2012-06-05 10:19:47 +0000},
	Doi = {10.1145/1552486.1552509},
	Isbn = {978-1-60558-591-8},
	Keywords = {CDN pricing, content delivery networks, network utility},
	Location = {Garching, Germany},
	Numpages = {10},
	Pages = {11--20},
	Publisher = {ACM},
	Series = {UPGRADE-CN '09},
	Title = {Evaluating the utility of content delivery networks},
	Url = {http://doi.acm.org/10.1145/1552486.1552509},
	Year = {2009},
	Bdsk-Url-1 = {http://doi.acm.org/10.1145/1552486.1552509},
	Bdsk-Url-2 = {http://dx.doi.org/10.1145/1552486.1552509}}

@article{Alzoubi:2011:PAA:2019643.2019644,
	Acmid = {2019644},
	Address = {New York, NY, USA},
	Articleno = {17},
	Author = {Alzoubi, Hussein A. and Lee, Seungjoon and Rabinovich, Michael and Spatscheck, Oliver and Van Der Merwe, Jacobus},
	Date-Added = {2012-06-05 10:19:24 +0000},
	Date-Modified = {2012-06-05 10:19:24 +0000},
	Doi = {10.1145/2019643.2019644},
	Issn = {1559-1131},
	Issue_Date = {October 2011},
	Journal = {ACM Trans. Web},
	Keywords = {Anycast, autonomous system, content delivery networks, load balancing, routing},
	Month = oct,
	Number = {4},
	Numpages = {29},
	Pages = {17:1--17:29},
	Publisher = {ACM},
	Title = {A Practical Architecture for an Anycast CDN},
	Url = {http://doi.acm.org/10.1145/2019643.2019644},
	Volume = {5},
	Year = {2011},
	Bdsk-Url-1 = {http://doi.acm.org/10.1145/2019643.2019644},
	Bdsk-Url-2 = {http://dx.doi.org/10.1145/2019643.2019644}}

@article{Yin:2010:LEC:1823746.1823750,
	Acmid = {1823750},
	Address = {New York, NY, USA},
	Articleno = {16},
	Author = {Yin, Hao and Liu, Xuening and Zhan, Tongyu and Sekar, Vyas and Qiu, Feng and Lin, Chuang and Zhang, Hui and Li, Bo},
	Date-Added = {2012-06-05 10:18:41 +0000},
	Date-Modified = {2012-06-05 10:18:41 +0000},
	Doi = {10.1145/1823746.1823750},
	Issn = {1551-6857},
	Issue_Date = {August 2010},
	Journal = {ACM Trans. Multimedia Comput. Commun. Appl.},
	Keywords = {Content delivery networks, live streaming, peer-to-peer},
	Month = aug,
	Number = {3},
	Numpages = {19},
	Pages = {16:1--16:19},
	Publisher = {ACM},
	Title = {LiveSky: Enhancing CDN with P2P},
	Url = {http://doi.acm.org/10.1145/1823746.1823750},
	Volume = {6},
	Year = {2010},
	Bdsk-Url-1 = {http://doi.acm.org/10.1145/1823746.1823750},
	Bdsk-Url-2 = {http://dx.doi.org/10.1145/1823746.1823750}}

@article{Shen:2012:IPL:2089085.2089088,
	Acmid = {2089088},
	Address = {New York, NY, USA},
	Articleno = {11},
	Author = {Shen, Zhijie and Zimmermann, Roger},
	Date-Added = {2012-06-05 10:18:21 +0000},
	Date-Modified = {2012-06-05 10:18:21 +0000},
	Doi = {10.1145/2089085.2089088},
	Issn = {1551-6857},
	Issue_Date = {February 2012},
	Journal = {ACM Trans. Multimedia Comput. Commun. Appl.},
	Keywords = {ISP-friendly, P2P, streaming, traffic locality},
	Month = feb,
	Number = {1},
	Numpages = {20},
	Pages = {11:1--11:20},
	Publisher = {ACM},
	Title = {ISP-friendly P2P live streaming: A roadmap to realization},
	Url = {http://doi.acm.org/10.1145/2089085.2089088},
	Volume = {8s},
	Year = {2012},
	Bdsk-Url-1 = {http://doi.acm.org/10.1145/2089085.2089088},
	Bdsk-Url-2 = {http://dx.doi.org/10.1145/2089085.2089088}}

@article{Stamos:2010:CST:1734222.1734226,
	Acmid = {1734226},
	Address = {New York, NY, USA},
	Articleno = {10},
	Author = {Stamos, Konstantinos and Pallis, George and Vakali, Athena and Katsaros, Dimitrios and Sidiropoulos, Antonis and Manolopoulos, Yannis},
	Date-Added = {2012-06-05 10:17:58 +0000},
	Date-Modified = {2012-06-05 10:17:58 +0000},
	Doi = {10.1145/1734222.1734226},
	Issn = {1049-3301},
	Issue_Date = {April 2010},
	Journal = {ACM Trans. Model. Comput. Simul.},
	Keywords = {Content distribution network, caching, services, trace-driven simulation},
	Month = may,
	Number = {2},
	Numpages = {40},
	Pages = {10:1--10:40},
	Publisher = {ACM},
	Title = {CDNsim: A simulation tool for content distribution networks},
	Url = {http://doi.acm.org/10.1145/1734222.1734226},
	Volume = {20},
	Year = {2010},
	Bdsk-Url-1 = {http://doi.acm.org/10.1145/1734222.1734226},
	Bdsk-Url-2 = {http://dx.doi.org/10.1145/1734222.1734226}}

@article{Kurian:2010:SDA:1824795.1824800,
	Acmid = {1824800},
	Address = {New York, NY, USA},
	Articleno = {5},
	Author = {Kurian, Jinu and Sarac, Kamil},
	Date-Added = {2012-06-05 10:17:25 +0000},
	Date-Modified = {2012-06-05 10:17:25 +0000},
	Doi = {10.1145/1824795.1824800},
	Issn = {0360-0300},
	Issue_Date = {November 2010},
	Journal = {ACM Comput. Surv.},
	Keywords = {Overlay networks, deployment model, enhancements, performance, service overlay networks},
	Month = dec,
	Number = {1},
	Numpages = {34},
	Pages = {5:1--5:34},
	Publisher = {ACM},
	Title = {A survey on the design, applications, and enhancements of application-layer overlay networks},
	Url = {http://doi.acm.org/10.1145/1824795.1824800},
	Volume = {43},
	Year = {2010},
	Bdsk-Url-1 = {http://doi.acm.org/10.1145/1824795.1824800},
	Bdsk-Url-2 = {http://dx.doi.org/10.1145/1824795.1824800}}

@article{mondal2012p2p,
	Author = {Mondal, A. and Trestian, I. and Qin, Z. and Kuzmanovic, A.},
	Journal = {Computer Networks},
	Publisher = {Elsevier},
	Title = {P2P as a CDN: A new service model for file sharing},
	Year = {2012}}

@incollection{springerlink:10.1007/978-3-642-30054-7_18,
	Affiliation = {Department of Electrical and Electronic Engineering, University College London, UK},
	Author = {Landa, Raul and Mykoniati, Eleni and Clegg, Richard and Griffin, David and Rio, Miguel},
	Booktitle = {NETWORKING 2012},
	Editor = {Bestak, Robert and Kencl, Lukas and Li, Li and Widmer, Joerg and Yin, Hao},
	Isbn = {978-3-642-30053-0},
	Keyword = {Computer Science},
	Note = {10.1007/978-3-642-30054-7_18},
	Pages = {223-237},
	Publisher = {Springer Berlin / Heidelberg},
	Series = {Lecture Notes in Computer Science},
	Title = {Modelling the Tradeoffs in Overlay-ISP Cooperation},
	Url = {http://dx.doi.org/10.1007/978-3-642-30054-7_18},
	Volume = {7290},
	Year = {2012},
	Bdsk-Url-1 = {http://dx.doi.org/10.1007/978-3-642-30054-7_18}}

@comment{BibDesk Static Groups{
<?xml version="1.0" encoding="UTF-8"?>
<!DOCTYPE plist PUBLIC "-//Apple//DTD PLIST 1.0//EN" "http://www.apple.com/DTDs/PropertyList-1.0.dtd">
<plist version="1.0">
<array>
	<dict>
		<key>group name</key>
		<string>Group</string>
		<key>keys</key>
		<string></string>
	</dict>
</array>
</plist>
}}
